@misc{rfc4271,
  title = {{RFC 4271 - A Border Gateway Protocol 4 (BGP-4}},
  howpublished = "\url{https://tools.ietf.org/html/rfc4271}",
  note = "[Online; accessed 19-Dec-2019]"
}

@misc{rfc1812,
  title = {{RFC 1812 - Requirements for IP Version 4 Routers}},
  howpublished = "\url{https://tools.ietf.org/html/rfc1812}",
  note = "[Online; accessed 19-Dec-2019]"
}